@manual{amsltx,                                                                 
     organization={American Mathematical Society},                              
     title={\amslatex{} Version 1.0 User's Guide},                              
     year=1990,                                                                 
     note={Available on the {\tt TEX} disk as {\tt AMSLATEX PS}},               
     }                                                                          
@manual{warbrick,                                                               
     author={Warbrick, John},                                                   
     title={Essential \LaTeX{}},                                                
     organization={Plymouth Polytechnic},                                       
     year=1989,                                                                 
     }                                                                          
@manual{use_latex,                                                              
     organization={UIC Computer Center},                                        
     title={Using \LaTeX{} at UIC},                                             
     year=1989,                                                                 
     note={Available from {\tt INFORM}},                                        
     }                                                                          
@manual{use_tex,                                                                
     organization={UIC Computer Center},                                        
     title={Using \TeX{} at UIC},                                               
     year=1989,                                                                 
     note={Available from {\tt INFORM}},                                        
     }                                                                          
@manual{tex31,                                                                  
     organization={UIC Computer Center},                                        
     title={Mainframe \TeX{} Version 3.1 and Related Software},                 
     year=1991,                                                                 
     note={Available from {\tt INFORM}},                                        
     }                                                                          
@manual{texrox,                                                                 
     organization={UIC Computer Center},                                        
     title={\TeX{}, \LaTeX{} and \amstex{} Output on the Xerox 8790s            
at UIC (TeXRoX)},                                                               
     year=1989,                                                                 
     note={Available from {\tt INFORM}},                                        
     }                                                                          
@book{latex_guide,                                                              
     author={Lamport, Leslie},                                                  
     title={\LaTeX{}: A Document Preparation System},                           
     publisher={Addison-Wesley Publishing Company},                             
     address={Reading, MA},                                                     
     year=1986,                                                                 
     }                                                                          
@book{latex_engineers,                                                          
     author ={Buerger, David J.},                                               
     title={\LaTeX{} for Engineers \& Scientists},                              
     publisher={McGraw-Hill Publishing Company},                                
     address={New York},                                                        
     year=1990,                                                                 
     }                                                                          
@manual{thesis_dir,                                                             
     title={Thesis Directions},                                                 
     organization={UIC Graduate College},                                       
     year=1991,                                                                 
     }                                                                          
@article{smpl_article,                                                          
     author={M. Grumbach and Alex Morishima and John H. Taylor},                
     title={Human sex chromosome abnormalities in relation to {DNA}             
     replication},                                                              
     journal={Proc. Natl. Acad. Sci. USA},                                      
     volume={49},                                                               
     pages={581-589},                                                           
     year=1963,                                                                 
     }                                                                          
@book{smpl_book,                                                                
     author={John R. Elkinton and T. Samual Danowski},                          
     title={The Body Fluids},                                                   
     publisher={Williams and Wilkins},                                          
     address={Baltimore},                                                       
     year=1955,                                                                 
     }                                                                          
@incollection{smpl_incollection,                                                
     author={Irving Schneider},                                                 
     title={Insect tissue culture},                                             
     booktitle={Methods in Developmental Biology},                              
     editor={F. H. Wilt and N. K. Wesnes},                                      
     pages={543-554},                                                           
     publisher={Thomas Y. Crowell Co.},                                         
     address={New York},                                                        
     year=1967,                                                                 
     }                                                                          
@mastersthesis{smpl_masterthesis,                                               
     author={Dean Ross},                                                        
     title={The {I}rish-{C}atholic Immigrant, 1980--1900},                      
     type={Master's Thesis},                                                    
     address={New York},                                                        
     school={Columbia University},                                              
     year=1975,                                                                 
     }                                                                          
